{
  "stock_id": "600036",
  "full_data": [
    {
      "报告期": "2025-09-30",
      "周期类型": "季报",
      "净资产收益率": "10.66%",
      "归属母公司股东的销售净利率": "45.25%",
      "资产周转率(次)": "0.02",
      "权益乘数": "9.90",
      "销售净利率": "45.56%",
      "归属母公司股东的净利润占比": "99.33%",
      "营业总收入": "25,142,000.00万",
      "平均总资产": "1,265,061,300.00万",
      "平均归属母公司股东的利益": "127,825,900.00万",
      "经营利润率": "--",
      "考虑税负因素": "84.79%",
      "考虑利息负担": "--",
      "归属母公司股东净利润": "1137.72",
      "净利润": "11,453,700.00万",
      "期末总资产": "1,264,407,500.00万",
      "期末归属母公司股东的利益": "126,728,500.00万",
      "EBIT": "--",
      "利润总额": "13,508,900.00万",
      "期初总资产": "1,265,715,100.00万",
      "期初归属母公司股东的利益": "128,923,300.00万",
      "date": "2025-09-30",
      "经营利润率(%)": "--",
      "利息负担(%)": "--",
      "净资产收益率(%)": "10.66%"
    },
    {
      "报告期": "2025-06-30",
      "周期类型": "中报",
      "净资产收益率": "7.11%",
      "归属母公司股东的销售净利率": "44.08%",
      "资产周转率(次)": "0.01",
      "权益乘数": "9.93",
      "销售净利率": "44.36%",
      "归属母公司股东的净利润占比": "99.37%",
      "营业总收入": "16,996,900.00万",
      "平均总资产": "1,259,347,150.00万",
      "平均归属母公司股东的利益": "126,772,000.00万",
      "经营利润率": "--",
      "考虑税负因素": "84.81%",
      "考虑利息负担": "--",
      "归属母公司股东净利润": "749.30",
      "净利润": "7,540,500.00万",
      "期末总资产": "1,265,715,100.00万",
      "期末归属母公司股东的利益": "128,923,300.00万",
      "EBIT": "--",
      "利润总额": "8,890,600.00万",
      "期初总资产": "1,252,979,200.00万",
      "期初归属母公司股东的利益": "124,620,700.00万",
      "date": "2025-06-30",
      "经营利润率(%)": "--",
      "利息负担(%)": "--",
      "净资产收益率(%)": "7.11%"
    },
    {
      "报告期": "2025-03-31",
      "周期类型": "季报",
      "净资产收益率": "3.53%",
      "归属母公司股东的销售净利率": "44.52%",
      "资产周转率(次)": "0.01",
      "权益乘数": "9.98",
      "销售净利率": "44.79%",
      "归属母公司股东的净利润占比": "99.39%",
      "营业总收入": "8,375,100.00万",
      "平均总资产": "1,234,091,400.00万",
      "平均归属母公司股东的利益": "123,611,050.00万",
      "经营利润率": "--",
      "考虑税负因素": "84.79%",
      "考虑利息负担": "--",
      "归属母公司股东净利润": "372.86",
      "净利润": "3,751,300.00万",
      "期末总资产": "1,252,979,200.00万",
      "期末归属母公司股东的利益": "124,620,700.00万",
      "EBIT": "--",
      "利润总额": "4,424,200.00万",
      "期初总资产": "1,215,203,600.00万",
      "期初归属母公司股东的利益": "122,601,400.00万",
      "date": "2025-03-31",
      "经营利润率(%)": "--",
      "利息负担(%)": "--",
      "净资产收益率(%)": "3.53%"
    },
    {
      "报告期": "2024-12-31",
      "周期类型": "年报",
      "净资产收益率": "15.05%",
      "归属母公司股东的销售净利率": "43.97%",
      "资产周转率(次)": "0.03",
      "权益乘数": "10.01",
      "销售净利率": "44.32%",
      "归属母公司股东的净利润占比": "99.22%",
      "营业总收入": "33,748,800.00万",
      "平均总资产": "1,190,339,950.00万",
      "平均归属母公司股东的利益": "118,927,050.00万",
      "经营利润率": "--",
      "考虑税负因素": "83.72%",
      "考虑利息负担": "--",
      "归属母公司股东净利润": "1483.91",
      "净利润": "14,955,900.00万",
      "期末总资产": "1,215,203,600.00万",
      "期末归属母公司股东的利益": "122,601,400.00万",
      "EBIT": "--",
      "利润总额": "17,865,200.00万",
      "期初总资产": "1,165,476,300.00万",
      "期初归属母公司股东的利益": "115,252,700.00万",
      "date": "2024-12-31",
      "经营利润率(%)": "--",
      "利息负担(%)": "--",
      "净资产收益率(%)": "15.05%"
    },
    {
      "报告期": "2024-09-30",
      "周期类型": "季报",
      "净资产收益率": "11.74%",
      "归属母公司股东的销售净利率": "44.79%",
      "资产周转率(次)": "0.02",
      "权益乘数": "10.27",
      "销售净利率": "45.13%",
      "归属母公司股东的净利润占比": "99.25%",
      "营业总收入": "25,270,900.00万",
      "平均总资产": "1,161,477,300.00万",
      "平均归属母公司股东的利益": "113,137,000.00万",
      "经营利润率": "--",
      "考虑税负因素": "85.06%",
      "考虑利息负担": "--",
      "归属母公司股东净利润": "1131.84",
      "净利润": "11,403,900.00万",
      "期末总资产": "1,165,476,300.00万",
      "期末归属母公司股东的利益": "115,252,700.00万",
      "EBIT": "--",
      "利润总额": "13,407,400.00万",
      "期初总资产": "1,157,478,300.00万",
      "期初归属母公司股东的利益": "111,021,300.00万",
      "date": "2024-09-30",
      "经营利润率(%)": "--",
      "利息负担(%)": "--",
      "净资产收益率(%)": "11.74%"
    },
    {
      "报告期": "2024-06-30",
      "周期类型": "中报",
      "净资产收益率": "7.93%",
      "归属母公司股东的销售净利率": "43.22%",
      "资产周转率(次)": "0.02",
      "权益乘数": "10.36",
      "销售净利率": "43.59%",
      "归属母公司股东的净利润占比": "99.16%",
      "营业总收入": "17,294,500.00万",
      "平均总资产": "1,154,750,450.00万",
      "平均归属母公司股东的利益": "111,458,900.00万",
      "经营利润率": "--",
      "考虑税负因素": "84.09%",
      "考虑利息负担": "--",
      "归属母公司股东净利润": "747.43",
      "净利润": "7,537,900.00万",
      "期末总资产": "1,157,478,300.00万",
      "期末归属母公司股东的利益": "111,021,300.00万",
      "EBIT": "--",
      "利润总额": "8,964,100.00万",
      "期初总资产": "1,152,022,600.00万",
      "期初归属母公司股东的利益": "111,896,500.00万",
      "date": "2024-06-30",
      "经营利润率(%)": "--",
      "利息负担(%)": "--",
      "净资产收益率(%)": "7.93%"
    },
    {
      "报告期": "2024-03-31",
      "周期类型": "季报",
      "净资产收益率": "4.02%",
      "归属母公司股东的销售净利率": "44.06%",
      "资产周转率(次)": "0.01",
      "权益乘数": "10.27",
      "销售净利率": "44.48%",
      "归属母公司股东的净利润占比": "99.05%",
      "营业总收入": "8,641,700.00万",
      "平均总资产": "1,127,435,450.00万",
      "平均归属母公司股东的利益": "109,766,750.00万",
      "经营利润率": "--",
      "考虑税负因素": "85.07%",
      "考虑利息负担": "--",
      "归属母公司股东净利润": "380.77",
      "净利润": "3,844,200.00万",
      "期末总资产": "1,152,022,600.00万",
      "期末归属母公司股东的利益": "111,896,500.00万",
      "EBIT": "--",
      "利润总额": "4,518,800.00万",
      "期初总资产": "1,102,848,300.00万",
      "期初归属母公司股东的利益": "107,637,000.00万",
      "date": "2024-03-31",
      "经营利润率(%)": "--",
      "利息负担(%)": "--",
      "净资产收益率(%)": "4.02%"
    },
    {
      "报告期": "2023-12-31",
      "周期类型": "年报",
      "净资产收益率": "16.75%",
      "归属母公司股东的销售净利率": "43.23%",
      "资产周转率(次)": "0.03",
      "权益乘数": "10.39",
      "销售净利率": "43.64%",
      "归属母公司股东的净利润占比": "99.05%",
      "营业总收入": "33,912,300.00万",
      "平均总资产": "1,084,824,600.00万",
      "平均归属母公司股东的利益": "104,430,250.00万",
      "经营利润率": "--",
      "考虑税负因素": "83.80%",
      "考虑利息负担": "--",
      "归属母公司股东净利润": "1466.02",
      "净利润": "14,800,600.00万",
      "期末总资产": "1,102,848,300.00万",
      "期末归属母公司股东的利益": "107,637,000.00万",
      "EBIT": "--",
      "利润总额": "17,661,800.00万",
      "期初总资产": "1,066,800,900.00万",
      "期初归属母公司股东的利益": "101,223,500.00万",
      "date": "2023-12-31",
      "经营利润率(%)": "--",
      "利息负担(%)": "--",
      "净资产收益率(%)": "16.75%"
    },
    {
      "报告期": "2023-09-30",
      "周期类型": "季报",
      "净资产收益率": "13.27%",
      "归属母公司股东的销售净利率": "43.76%",
      "资产周转率(次)": "0.03",
      "权益乘数": "10.76",
      "销售净利率": "44.17%",
      "归属母公司股东的净利润占比": "99.06%",
      "营业总收入": "26,027,900.00万",
      "平均总资产": "1,070,392,250.00万",
      "平均归属母公司股东的利益": "99,468,050.00万",
      "经营利润率": "--",
      "考虑税负因素": "85.05%",
      "考虑利息负担": "--",
      "归属母公司股东净利润": "1138.90",
      "净利润": "11,497,000.00万",
      "期末总资产": "1,066,800,900.00万",
      "期末归属母公司股东的利益": "101,223,500.00万",
      "EBIT": "--",
      "利润总额": "13,518,500.00万",
      "期初总资产": "1,073,983,600.00万",
      "期初归属母公司股东的利益": "97,712,600.00万",
      "date": "2023-09-30",
      "经营利润率(%)": "--",
      "利息负担(%)": "--",
      "净资产收益率(%)": "13.27%"
    },
    {
      "报告期": "2023-06-30",
      "周期类型": "中报",
      "净资产收益率": "9.01%",
      "归属母公司股东的销售净利率": "42.45%",
      "资产周转率(次)": "0.02",
      "权益乘数": "10.85",
      "销售净利率": "42.83%",
      "归属母公司股东的净利润占比": "99.10%",
      "营业总收入": "17,846,000.00万",
      "平均总资产": "1,062,429,400.00万",
      "平均归属母公司股东的利益": "97,910,650.00万",
      "经营利润率": "--",
      "考虑税负因素": "84.10%",
      "考虑利息负担": "--",
      "归属母公司股东净利润": "757.52",
      "净利润": "7,643,700.00万",
      "期末总资产": "1,073,983,600.00万",
      "期末归属母公司股东的利益": "97,712,600.00万",
      "EBIT": "--",
      "利润总额": "9,088,400.00万",
      "期初总资产": "1,050,875,200.00万",
      "期初归属母公司股东的利益": "98,108,700.00万",
      "date": "2023-06-30",
      "经营利润率(%)": "--",
      "利息负担(%)": "--",
      "净资产收益率(%)": "9.01%"
    }
  ],
  "error": null
}